
@misc{center_for_history_and_new_media_zotero_nodate,
	title = {Zotero {Quick} {Start} {Guide}},
	url = {http://zotero.org/support/quick_start_guide},
	author = {{Center for History and New Media}},
	annote = {Welcome to Zotero!View the Quick Start Guide to learn how to begin collecting, managing, citing, and sharing your research sources.Thanks for installing Zotero.}
}

@misc{developers_hpgmg_nodate,
	title = {{HPGMG}},
	url = {https://hpgmg.org},
	abstract = {HPGMG},
	urldate = {2017-06-16},
	author = {Developers, HPGMG},
	note = {00000},
	file = {Snapshot:/home/henry/.mozilla/firefox/u5yf6fcd.default/zotero/storage/SJ8AMFJ9/hpgmg.org.html:text/html}
}

@misc{noauthor_samvandensteen_nodate,
	title = {samvandensteen ({Sam} {Van} den {Steen})},
	url = {https://github.com/samvandensteen},
	abstract = {samvandensteen has 2 repositories available. Follow their code on GitHub.},
	urldate = {2017-06-16},
	journal = {GitHub},
	note = {00000},
	file = {Snapshot:/home/henry/.mozilla/firefox/u5yf6fcd.default/zotero/storage/2ZAWI72C/samvandensteen.html:text/html}
}

@misc{noauthor_pin:_nodate,
	title = {Pin: {Pin} 2.12 {User} {Guide}},
	url = {https://software.intel.com/sites/landingpage/pintool/docs/58423/Pin/html/index.html#EXAMPLES},
	urldate = {2017-06-16},
	note = {00000},
	file = {Pin\: Pin 2.12 User Guide:/home/henry/.mozilla/firefox/u5yf6fcd.default/zotero/storage/AP4J3T7U/index.html:text/html}
}

@misc{noauthor_high_nodate,
	title = {High {Performance} {Geometric} {Multigrid}},
	url = {https://crd.lbl.gov/departments/computer-science/PAR/research/hpgmg/},
	urldate = {2017-06-22},
	note = {00002},
	file = {High Performance Geometric Multigrid:/home/henry/.mozilla/firefox/u5yf6fcd.default/zotero/storage/4VHRF4RB/hpgmg.html:text/html}
}

@misc{noauthor_protobuf:_2017,
	title = {protobuf: {Protocol} {Buffers} - {Google}'s data interchange format},
	shorttitle = {protobuf},
	url = {https://github.com/google/protobuf},
	urldate = {2017-07-13},
	publisher = {Google},
	month = jul,
	year = {2017},
	note = {00000 
original-date: 2014-08-26T15:52:15Z},
	keywords = {marshalling, protobuf, protobuf-runtime, protoc, protocol-buffers, protocol-compiler, rpc, serialization},
	file = {Snapshot:/home/henry/.mozilla/firefox/u5yf6fcd.default/zotero/storage/KM8W37BC/protobuf.html:text/html}
}

@misc{noauthor_protobuf/readme.md_nodate,
	title = {protobuf/{README}.md at master · google/protobuf · {GitHub}},
	url = {https://github.com/google/protobuf/blob/master/src/README.md},
	urldate = {2017-07-13},
	note = {00000},
	file = {protobuf/README.md at master · google/protobuf · GitHub:/home/henry/.mozilla/firefox/u5yf6fcd.default/zotero/storage/9PGJ62ME/README.html:text/html}
}

@misc{noauthor_x/config/resolution_nodate,
	title = {X/{Config}/{Resolution} - {Ubuntu} {Wiki}},
	url = {https://wiki.ubuntu.com/X/Config/Resolution},
	urldate = {2017-07-19},
	note = {00000},
	file = {X/Config/Resolution - Ubuntu Wiki:/home/henry/.mozilla/firefox/u5yf6fcd.default/zotero/storage/86TAWUDP/Resolution.html:text/html}
}

@misc{noauthor_x/config/resolution_nodate-1,
	title = {X/{Config}/{Resolution} - {Ubuntu} {Wiki}},
	url = {https://wiki.ubuntu.com/X/Config/Resolution},
	urldate = {2017-07-19},
	note = {00000},
	file = {X/Config/Resolution - Ubuntu Wiki:/home/henry/.mozilla/firefox/u5yf6fcd.default/zotero/storage/IJ6ZXKK8/Resolution.html:text/html}
}

@misc{noauthor_abi_nodate,
	title = {{ABI} {Policy} and {Guidelines}},
	url = {https://gcc.gnu.org/onlinedocs/libstdc++/manual/abi.html},
	urldate = {2017-07-27},
	note = {00000},
	file = {ABI Policy and Guidelines:/home/henry/.mozilla/firefox/u5yf6fcd.default/zotero/storage/3FXCNNAD/abi.html:text/html}
}

@misc{noauthor_gcc_nodate,
	title = {{GCC}, the {GNU} {Compiler} {Collection} - {GNU} {Project} - {Free} {Software} {Foundation} ({FSF})},
	url = {https://gcc.gnu.org/},
	urldate = {2017-07-27},
	note = {00000},
	file = {GCC, the GNU Compiler Collection - GNU Project - Free Software Foundation (FSF):/home/henry/.mozilla/firefox/u5yf6fcd.default/zotero/storage/GHI2KFGI/gcc.gnu.org.html:text/html}
}

@misc{noauthor_protobuf:_2017-1,
	title = {protobuf: {Protocol} {Buffers} - {Google}'s data interchange format},
	shorttitle = {protobuf},
	url = {https://github.com/google/protobuf},
	urldate = {2017-07-27},
	publisher = {Google},
	month = jul,
	year = {2017},
	note = {00000 
original-date: 2014-08-26T15:52:15Z},
	file = {Snapshot:/home/henry/.mozilla/firefox/u5yf6fcd.default/zotero/storage/5EK97EVI/python.html:text/html}
}

@misc{noauthor_protocol_nodate,
	title = {Protocol {Buffers}},
	url = {https://developers.google.com/protocol-buffers/},
	abstract = {Protocol buffers are a language-neutral, platform-neutral extensible mechanism for serializing structured data.},
	urldate = {2017-07-27},
	journal = {Google Developers},
	note = {00041},
	file = {Snapshot:/home/henry/.mozilla/firefox/u5yf6fcd.default/zotero/storage/KEZZSUB9/protocol-buffers.html:text/html}
}

@misc{noauthor_._nodate,
	title = {. {\textbar} {Electronics} and {Information} {Systems}},
	url = {https://www.elis.ugent.be/nl/node/3303?code=SV021},
	urldate = {2017-07-27},
	note = {00241},
	file = {. | Electronics and Information Systems:/home/henry/.mozilla/firefox/u5yf6fcd.default/zotero/storage/QA3Z3PKP/3303.html:text/html}
}

@misc{noauthor_._nodate-1,
	title = {. {\textbar} {Electronics} and {Information} {Systems}},
	url = {https://www.elis.ugent.be/nl/node/3303?code=SV021},
	urldate = {2017-07-27},
	note = {00241},
	file = {. | Electronics and Information Systems:/home/henry/.mozilla/firefox/u5yf6fcd.default/zotero/storage/JHJCSTXI/3303.html:text/html}
}

@misc{noauthor_what_nodate,
	title = {What {Is} the {Definition} of {Sudo} in {Linux}?},
	url = {https://www.lifewire.com/what-is-sudo-2197466},
	urldate = {2017-08-01},
	note = {00000},
	file = {What Is the Definition of Sudo in Linux?:/home/henry/.mozilla/firefox/u5yf6fcd.default/zotero/storage/IHNRADSN/what-is-sudo-2197466.html:text/html}
}

@misc{noauthor_pin_nodate,
	title = {Pin - {A} {Dynamic} {Binary} {Instrumentation} {Tool} {\textbar} {Intel}® {Software}},
	url = {https://software.intel.com/en-us/articles/pin-a-dynamic-binary-instrumentation-tool},
	urldate = {2017-08-01},
	note = {00000},
	file = {Pin - A Dynamic Binary Instrumentation Tool | Intel® Software:/home/henry/.mozilla/firefox/u5yf6fcd.default/zotero/storage/ETQV5HAI/pin-a-dynamic-binary-instrumentation-tool.html:text/html}
}